% This file was created with JabRef 2.7.2.
% Encoding: Cp1252

@ELECTRONIC{Boerger,
  author = {Egon Börger},
  title = {Abstract State Machine Tutoriall},
  url = {http://www.di.unipi.it/~boerger/ASMTutorialEtaps.html},
  owner = {Manuel},
  timestamp = {2011.11.24}
}

@BOOK{EgonBoerger2003,
  title = {AsmBook},
  publisher = {Springer-Verlag},
  year = {2003},
  author = {Egon Börger, Robert Stärk},
  owner = {Manuel},
  timestamp = {2011.11.24}
}

@ELECTRONIC{Grieskamp2009,
  author = {Wolfgang Grieskamp},
  year = {2009},
  title = {The Spec Explorer Story},
  url = {http://blogs.msdn.com/b/wrwg/archive/2009/10/28/the-spec-explorer-story.aspx},
  owner = {Manuel},
  timestamp = {2011.11.24}
}

@BOOK{Grieskamp2006,
  title = {Multi-paradigmatic Model-Based Testing},
  publisher = {Springer-Verlag},
  year = {2006},
  author = {Wolfgang Grieskamp},
  owner = {Manuel},
  timestamp = {2011.11.24},
  url = {http://www.springerlink.com/content/087hx3160357088u}
}

@ELECTRONIC{Gurevich1999,
  author = {Yuri Gurevich},
  year = {1999},
  title = {Sequential Abstract State Machines Capture Sequential Algorithms},
  url = {ftp://www.eecs.umich.edu/groups/gasm/seqthesis.pdf},
  owner = {Manuel},
  timestamp = {2011.11.24}
}

@ELECTRONIC{Gurevich1993,
  author = {Yuri Gurevich},
  year = {1993},
  title = {Evolving Algebras 1993: Lipari Guide},
  url = {http://research.microsoft.com/en-us/um/people/gurevich/opera/103.pdf},
  owner = {Manuel},
  timestamp = {2011.11.24}
}

@ELECTRONIC{Huggins2009,
  author = {Jim Huggins},
  year = {2009},
  title = {Abstract State Machines},
  url = {http://www.eecs.umich.edu/gasm/},
  owner = {Manuel},
  timestamp = {2011.11.24}
}

@BOOK{JonathanJacky2008a,
  title = {Model-based Software Testing and Analysis with Csharp},
  publisher = {Cambridge University Press},
  year = {2008},
  author = {Jonathan Jacky, Margus Veanes, Colin Campbell, Wolfram Schulte},
  owner = {Manuel},
  timestamp = {2011.11.24},
  url = {http://staff.washington.edu/jon/modeling-book/}
}

@ELECTRONIC{Kicillof2009,
  author = {Nico Kicillof},
  year = {2009},
  title = {What is Model-Based Testing?},
  url = {http://blogs.msdn.com/b/specexplorer/archive/2009/10/27/what-is-model-based-testing.aspx},
  owner = {Manuel},
  timestamp = {2011.11.24}
}

@ELECTRONIC{Microsoft2011,
  author = {Microsoft},
  year = {2011},
  title = {UML Extensions For Spec Explorer 2010 (Visual Studio Gallery)},
  url = {http://visualstudiogallery.msdn.microsoft.com/ce73da2a-072f-44d0-ae18-600213b56520},
  owner = {Manuel},
  timestamp = {2011.11.24}
}

@ELECTRONIC{Microsoft2011a,
  author = {Microsoft},
  year = {2011},
  title = {Microsoft Open Specifications},
  url = {http://www.microsoft.com/openspecifications/en/us/default.aspx},
  owner = {Manuel},
  timestamp = {2011.11.24}
}

@ELECTRONIC{Microsoft2008,
  author = {Microsoft},
  year = {2008},
  title = {NModel (codeplex)},
  url = {http://nmodel.codeplex.com/},
  owner = {Manuel},
  timestamp = {2011.11.24}
}

@ELECTRONIC{Microsoft2003,
  author = {Microsoft},
  year = {2003},
  title = {AsmL (codeplex)},
  url = {http://asml.codeplex.com/},
  owner = {Manuel},
  timestamp = {2011.11.24}
}

@ELECTRONIC{WolfgangGrieskamp2008,
  author = {Wolfgang Grieskamp, Nico Kicillof, et al.},
  year = {2008},
  title = {Model-Based Quality Assurance of Windows Protocol Documentation},
  url = {http://ieeexplore.ieee.org/xpl/freeabs_all.jsp?tp=&arnumber=4539580&isnumber=4539517?tag=1},
  owner = {Manuel},
  timestamp = {2011.11.24}
}

@comment{jabref-meta: selector_review:}

@comment{jabref-meta: selector_publisher:}

@comment{jabref-meta: selector_author:}

@comment{jabref-meta: selector_journal:}

@comment{jabref-meta: selector_keywords:}

