% This file was created with JabRef 2.7.2.
% Encoding: Cp1252

@MISC{Boerger,
  author = {Egon Börger},
  title = {Abstract State Machine Tutorial},
  howpublished = {\url{http://www.di.unipi.it/~boerger/ASMTutorialEtaps.html}},
  owner = {Manuel},
  timestamp = {2011.11.24}
}

@MISC{DuWors2010,
  author = {Rob DuWors},
  title = {Spec Explorer 2010 Release 3.3 now available as a Visual Studio Power
	Tool!},
  howpublished = {\url{http://blogs.msdn.com/b/specexplorer/archive/2010/09/30/spec-explorer-2010-release-3-3-now-available-as-a-visual-studio-power-tool.aspx}},
  year = {2010},
  owner = {Manuel},
  timestamp = {2011.11.25}
}

@BOOK{EgonBoerger2003,
  title = {AsmBook},
  publisher = {Springer-Verlag},
  year = {2003},
  author = {Egon Börger, Robert Stärk},
  owner = {Manuel},
  timestamp = {2011.11.24}
}

@MISC{Grieskamp2009,
  author = {Wolfgang Grieskamp},
  title = {The Spec Explorer Story},
  howpublished = {\url{http://blogs.msdn.com/b/wrwg/archive/2009/10/28/the-spec-explorer-story.aspx}},
  year = {2009},
  owner = {Manuel},
  timestamp = {2011.11.24}
}

@BOOK{Grieskamp2006,
  title = {Multi-paradigmatic Model-Based Testing},
  publisher = {Springer-Verlag},
  year = {2006},
  author = {Wolfgang Grieskamp},
  owner = {Manuel},
  timestamp = {2011.11.24},
  url = {http://www.springerlink.com/content/087hx3160357088u}
}

@MISC{Gurevich1999,
  author = {Yuri Gurevich},
  title = {Sequential Abstract State Machines Capture Sequential Algorithms},
  howpublished = {\url{ftp://www.eecs.umich.edu/groups/gasm/seqthesis.pdf}},
  year = {1999},
  owner = {Manuel},
  timestamp = {2011.11.24}
}

@MISC{Gurevich1993,
  author = {Yuri Gurevich},
  title = {Evolving Algebras 1993: Lipari Guide},
  howpublished = {\url{http://research.microsoft.com/en-us/um/people/gurevich/opera/103.pdf}},
  year = {1993},
  owner = {Manuel},
  timestamp = {2011.11.24}
}

@MISC{Huggins2009,
  author = {Jim Huggins},
  title = {Abstract State Machines},
  howpublished = {\url{http://www.eecs.umich.edu/gasm/}},
  year = {2009},
  owner = {Manuel},
  timestamp = {2011.11.24}
}

@BOOK{JonathanJacky2008,
  title = {Model-based Software Testing and Analysis with Csharp},
  publisher = {Cambridge University Press},
  year = {2008},
  author = {Jonathan Jacky, Margus Veanes, Colin Campbell, Wolfram Schulte},
  owner = {Manuel},
  timestamp = {2011.11.24},
  url = {http://staff.washington.edu/jon/modeling-book/}
}

@MISC{Kicillof2009,
  author = {Nico Kicillof},
  title = {What is Model-Based Testing?},
  howpublished = {\url{http://blogs.msdn.com/b/specexplorer/archive/2009/10/27/what-is-model-based-testing.aspx}},
  year = {2009},
  owner = {Manuel},
  timestamp = {2011.11.24}
}

@MISC{Podwysocki2008,
  author = {Matthew Podwysocki},
  title = {Code Contracts for .NET 4.0 - SpecSharo Comes Alive},
  howpublished = {\url{http://codebetter.com/matthewpodwysocki/2008/11/08/code-contracts-and-net-4-0-spec-comes-alive/}},
  year = {2008},
  owner = {Manuel},
  timestamp = {2011.12.10}
}

@MISC{Microsoft2011,
  author = {Microsoft},
  title = {UML Extensions For Spec Explorer 2010 (Visual Studio Gallery)},
  howpublished = {\url{http://visualstudiogallery.msdn.microsoft.com/ce73da2a-072f-44d0-ae18-600213b56520}},
  year = {2011},
  owner = {Manuel},
  timestamp = {2011.11.24}
}

@MISC{Microsoft2011a,
  author = {Microsoft},
  title = {Microsoft Open Specifications},
  howpublished = {\url{http://www.microsoft.com/openspecifications/en/us/default.aspx}},
  year = {2011},
  owner = {Manuel},
  timestamp = {2011.11.24}
}

@MISC{Microsoft2010,
  author = {Microsoft},
  title = {Spec Explorer 2010 Visual Studio Power Tool (Visual Studio Gallery)},
  howpublished = {\url{http://visualstudiogallery.msdn.microsoft.com/271d0904-f178-4ce9-956b-d9bfa4902745/}},
  year = {2010},
  owner = {Manuel},
  timestamp = {2011.11.25}
}

@MISC{Microsoft2008,
  author = {Microsoft},
  title = {NModel (codeplex)},
  howpublished = {\url{http://nmodel.codeplex.com/}},
  year = {2008},
  owner = {Manuel},
  timestamp = {2011.11.24}
}

@MISC{Microsoft2003,
  author = {Microsoft},
  title = {AsmL (codeplex)},
  howpublished = {\url{http://asml.codeplex.com/}},
  year = {2003},
  owner = {Manuel},
  timestamp = {2011.11.24}
}

@MISC{Wikipedia2011,
  author = {Wikipedia Community},
  title = {Unit testing},
  howpublished = {\url{http://en.wikipedia.org/wiki/Unit_testing}},
  year = {2011},
  owner = {Manuel},
  timestamp = {2011.12.12}
}

@MISC{WolfgangGrieskamp2008,
  author = {Wolfgang Grieskamp, Nico Kicillof, et al.},
  title = {Model-Based Quality Assurance of Windows Protocol Documentation},
  howpublished = {\url{http://ieeexplore.ieee.org/xpl/freeabs_all.jsp?tp=&arnumber=4539580&isnumber=4539517?tag=1}},
  year = {2008},
  owner = {Manuel},
  timestamp = {2011.11.24}
}

@comment{jabref-meta: selector_review:}

@comment{jabref-meta: selector_publisher:}

@comment{jabref-meta: selector_author:}

@comment{jabref-meta: selector_journal:}

@comment{jabref-meta: selector_keywords:}

